% This file was created with JabRef 2.8.1.
% Encoding: UTF8

@BOOK{Pinedo:2008vs,
  title = {{Scheduling - Theory, Algorithms, and Systems}},
  publisher = {Springer},
  year = {2008},
  author = {Pinedo, Michael L.},
  edition = {3},
  month = jul
}

@comment{jabref-meta: selector_review:}

@comment{jabref-meta: selector_publisher:}

@comment{jabref-meta: selector_author:}

@comment{jabref-meta: selector_journal:}

@comment{jabref-meta: selector_keywords:}

